<record><leader>00000cas a2200000 a 4500</leader><controlfield tag="001">12847892</controlfield><controlfield tag="008">851126d18381840tnuwr ne      0    0eng  </controlfield><datafield ind1=" " ind2=" " tag="010"><subfield code="a">sn 85042764 </subfield></datafield><datafield ind1=" " ind2=" " tag="040"><subfield code="a">DLC</subfield><subfield code="b">eng</subfield><subfield code="c">DLC</subfield><subfield code="d">PPM</subfield><subfield code="d">KNP</subfield><subfield code="d">TGN</subfield><subfield code="d">OCL</subfield><subfield code="d">OCLCF</subfield><subfield code="d">OCLCO</subfield></datafield><datafield ind1=" " ind2=" " tag="042"><subfield code="a">msc</subfield></datafield><datafield ind1="0" ind2="0" tag="050"><subfield code="a">Newspaper 9793-X</subfield></datafield><datafield ind1="0" ind2=" " tag="130"><subfield code="a">Weekly review (Franklin, Tenn. : 1838)</subfield></datafield><datafield ind1="0" ind2="0" tag="245"><subfield code="a">Weekly review.</subfield></datafield><datafield ind1="1" ind2="3" tag="246"><subfield code="a">Western review</subfield></datafield><datafield ind1="1" ind2="3" tag="246"><subfield code="a">Western weekly review</subfield></datafield><datafield ind1=" " ind2=" " tag="260"><subfield code="a">Franklin, Tenn. :</subfield><subfield code="b">[s.n.],</subfield><subfield code="c">1838-1840.</subfield></datafield><datafield ind1=" " ind2=" " tag="300"><subfield code="a">v. :</subfield><subfield code="b">ill. (chiefly advertisements) ;</subfield><subfield code="c">55 cm.</subfield></datafield><datafield ind1=" " ind2=" " tag="310"><subfield code="a">Weekly</subfield></datafield><datafield ind1="0" ind2=" " tag="362"><subfield code="a">Vol. 7, no. 36 (Mar. 2, 1838)-v. 9, no. 28 (Dec. 23, 1840).</subfield></datafield><datafield ind1=" " ind2=" " tag="500"><subfield code="a">Publisher: P.M. Neal &amp; Co., &lt;1838&gt;</subfield></datafield><datafield ind1=" " ind2=" " tag="500"><subfield code="a">Editor: Jas. Hogan, Jr., &lt;1838&gt;</subfield></datafield><datafield ind1=" " ind2=" " tag="530"><subfield code="a">Also available on microfilm from Tennessee State Library and Archives.</subfield></datafield><datafield ind1=" " ind2="0" tag="651"><subfield code="a">Franklin (Tenn.)</subfield><subfield code="v">Newspapers.</subfield></datafield><datafield ind1=" " ind2="0" tag="651"><subfield code="a">Williamson County (Tenn.)</subfield><subfield code="v">Newspapers.</subfield></datafield><datafield ind1=" " ind2="7" tag="655"><subfield code="a">Newspapers.</subfield><subfield code="2">fast</subfield><subfield code="0">(OCoLC)fst01423814</subfield></datafield><datafield ind1=" " ind2="7" tag="651"><subfield code="a">Tennessee</subfield><subfield code="z">Franklin.</subfield><subfield code="2">fast</subfield><subfield code="0">(OCoLC)fst01208691</subfield></datafield><datafield ind1=" " ind2="7" tag="651"><subfield code="a">Tennessee</subfield><subfield code="z">Williamson County.</subfield><subfield code="2">fast</subfield><subfield code="0">(OCoLC)fst01207678</subfield></datafield><datafield ind1=" " ind2=" " tag="752"><subfield code="a">United States</subfield><subfield code="b">Tennessee</subfield><subfield code="c">Williamson</subfield><subfield code="d">Franklin.</subfield></datafield><datafield ind1="0" ind2="0" tag="780"><subfield code="t">Western weekly review (Franklin, Tenn. : 1831)</subfield><subfield code="w">(DLC)sn 85054309</subfield></datafield><datafield ind1="0" ind2="0" tag="785"><subfield code="t">Western weekly review (Franklin, Tenn. : 1841)</subfield><subfield code="w">(DLC)sn 85042765</subfield></datafield></record>